<collection xmlns="http://www.loc.gov/MARC21/slim">
<record>
  <leader>02361nam0a2200373 i 450 </leader>
  <controlfield tag="001">IT\ICCU\CNCE\001087</controlfield>
  <controlfield tag="005">20090915000000.0</controlfield>
  <datafield tag="012" ind1=" " ind2=" ">
    <subfield code="a">roli m.u* esq. neea (3) 1513 (R)</subfield>
    <subfield code="2">fei</subfield>
  </datafield>
  <datafield tag="100" ind1=" " ind2=" ">
    <subfield code="a">19970101d1513        0itac0103    ba</subfield>
  </datafield>
  <datafield tag="101" ind1=" " ind2=" ">
    <subfield code="a">LAT</subfield>
  </datafield>
  <datafield tag="102" ind1=" " ind2=" ">
    <subfield code="a">IT</subfield>
  </datafield>
  <datafield tag="200" ind1="1" ind2=" ">
    <subfield code="a">℗Alexandri ℗Opus quod doctrinale ipse appellauit nouiter impressum cum glosa ordinaria quam emendatissime per Io. Petrum de Gallarate presbiterum agnomento Paulo predicantem</subfield>
  </datafield>
  <datafield tag="210" ind1=" " ind2=" ">
    <subfield code="a">\Milano</subfield>
    <subfield code="c">Niccol ̣Gorgonzola!</subfield>
    <subfield code="e">Impressum Mediolani</subfield>
    <subfield code="g">per Bernardinum de Castello ad instantiam domini Nicolai Gorgonzole</subfield>
    <subfield code="h">1513 die XIIII mensis Mai</subfield>
  </datafield>
  <datafield tag="215" ind1=" " ind2=" ">
    <subfield code="a">LXXII c.</subfield>
    <subfield code="c">ill.</subfield>
    <subfield code="d">4ʻ</subfield>
  </datafield>
  <datafield tag="620" ind1=" " ind2=" ">
    <subfield code="a">IT</subfield>
    <subfield code="d">Milano</subfield>
  </datafield>
  <datafield tag="700" ind1=" " ind2="0">
    <subfield code="a">Alexander</subfield>
    <subfield code="c"> : de#Villa Dei</subfield>
    <subfield code="3">IT\ICCU\CNCA\000597</subfield>
  </datafield>
  <datafield tag="702" ind1=" " ind2="0">
    <subfield code="a">Giovanni Pietro</subfield>
    <subfield code="c"> : da#Gallarate</subfield>
    <subfield code="3">IT\ICCU\CNCA\000126</subfield>
  </datafield>
  <datafield tag="712" ind1="0" ind2="0">
    <subfield code="a">Castello, Bernardino</subfield>
    <subfield code="3">IT\ICCU\CNCT\000210</subfield>
    <subfield code="4">650</subfield>
  </datafield>
  <datafield tag="712" ind1="0" ind2="0">
    <subfield code="a"></subfield>
    <subfield code="3">IT\ICCU\CNCT\000205</subfield>
    <subfield code="4">650</subfield>
  </datafield>
  <datafield tag="790" ind1=" " ind2="0">
    <subfield code="a">Alexandre</subfield>
    <subfield code="c"> : de#Villedieu</subfield>
    <subfield code="3">IT\ICCU\CNCA\007565</subfield>
    <subfield code="z">Alexander : de#Villa Dei</subfield>
  </datafield>
  <datafield tag="790" ind1=" " ind2="0">
    <subfield code="a">Alexander</subfield>
    <subfield code="c"> : Grammaticus</subfield>
    <subfield code="3">IT\ICCU\CNCA\012407</subfield>
    <subfield code="z">Alexander : de#Villa Dei</subfield>
  </datafield>
  <datafield tag="790" ind1=" " ind2="1">
    <subfield code="a">Gabiate,</subfield>
    <subfield code="b">Ioannes Petrus : de</subfield>
    <subfield code="3">IT\ICCU\CNCA\014019</subfield>
    <subfield code="z">Giovanni Pietro : da#Gallarate</subfield>
  </datafield>
  <datafield tag="790" ind1=" " ind2="1">
    <subfield code="a">Gallarate,</subfield>
    <subfield code="b">Gian Pietro</subfield>
    <subfield code="3">IT\ICCU\CNCA\020015</subfield>
    <subfield code="z">Giovanni Pietro : da#Gallarate</subfield>
  </datafield>
  <datafield tag="791" ind1="0" ind2="0">
    <subfield code="a">Castello, Bernardinus de</subfield>
    <subfield code="3">IT\ICCU\CNCT\004514</subfield>
    <subfield code="z">Castello, Bernardino</subfield>
  </datafield>
  <datafield tag="791" ind1="0" ind2="0">
    <subfield code="a">Castellus, Bernardinus</subfield>
    <subfield code="3">IT\ICCU\CNCT\004516</subfield>
    <subfield code="z">Castello, Bernardino</subfield>
  </datafield>
  <datafield tag="791" ind1="0" ind2="0">
    <subfield code="a">Del Castello, Bernardino</subfield>
    <subfield code="3">IT\ICCU\CNCT\004517</subfield>
    <subfield code="z">Castello, Bernardino</subfield>
  </datafield>
  <datafield tag="791" ind1="0" ind2="2">
    <subfield code="a">Bernardino da Castello</subfield>
    <subfield code="3">IT\ICCU\CNCT\004519</subfield>
    <subfield code="z">Castello, Bernardino</subfield>
  </datafield>
  <datafield tag="791" ind1="0" ind2="2">
    <subfield code="a">Nicolo da Gorgonzola</subfield>
    <subfield code="3">IT\ICCU\CNCT\004950</subfield>
    <subfield code="z"></subfield>
  </datafield>
  <datafield tag="801" ind1=" " ind2="3">
    <subfield code="a">IT</subfield>
    <subfield code="b">ICCU</subfield>
    <subfield code="c">20201113</subfield>
  </datafield>
  <datafield tag="899" ind1=" " ind2=" ">
    <subfield code="a">Biblioteca civica A. Mai. Bergamo</subfield>
    <subfield code="1">BG0026</subfield>
    <subfield code="2">LO1 02</subfield>
  </datafield>
  <datafield tag="911" ind1=" " ind2=" ">
    <subfield code="a">Sul front.</subfield>
    <subfield code="9">IT\ICCU\CNCM\000436</subfield>
  </datafield>
  <datafield tag="911" ind1=" " ind2=" ">
    <subfield code="a">Nel coloph.</subfield>
    <subfield code="9">IT\ICCU\CNCM\001018</subfield>
  </datafield>
  <datafield tag="921" ind1=" " ind2=" ">
    <subfield code="a">IT\ICCU\CNCM\000436</subfield>
    <subfield code="b">Nastro con nome di Nicolaus Gorgonzola avvolge uno scettro che ha alla base una P e all&apos;apice una stella. Intorno ornamenti floreali.</subfield>
    <subfield code="c">K70</subfield>
    <subfield code="c">Z913</subfield>
    <subfield code="f">GORGONZOLA</subfield>
    <subfield code="f">LETTERAP</subfield>
    <subfield code="f">NASTRO</subfield>
    <subfield code="f">NICOLAUS</subfield>
    <subfield code="f">STELLA</subfield>
    <subfield code="g">1509-1523</subfield>
  </datafield>
  <datafield tag="921" ind1=" " ind2=" ">
    <subfield code="a">IT\ICCU\CNCM\001018</subfield>
    <subfield code="b">Nastro con nome di Nicolaus Gorgonzola avvolge uno scettro che ha alla base una P e all&apos;apice una stella. Intorno ornamenti floreali.</subfield>
    <subfield code="c">K71</subfield>
    <subfield code="d">Dimensioni: 3,7 x 4,4</subfield>
    <subfield code="f">GORGONZOLA</subfield>
    <subfield code="f">NASTRO</subfield>
    <subfield code="g">[150.]-1534</subfield>
  </datafield>
</record>
</collection>
